@online{TylerSunRandomness,
    title = {{Sun redefines randomness}},
    author = {{Tim Tyler}},
    url = {http://www.alife.co.uk/nonrandom/},
    urldate = {2019-04-24}
}