@article{Guan2016ATheory,
    title = {{A cellular automaton model for evacuation flow using game theory}},
    year = {2016},
    journal = {Physica A: Statistical Mechanics and its Applications},
    author = {Guan, Junbiao and Wang, Kaihua and Chen, Fangyue},
    month = {11},
    pages = {655--661},
    volume = {461},
    publisher = {North-Holland},
    url = {https://www.sciencedirect.com/science/article/pii/S037843711630262X},
    doi = {10.1016/J.PHYSA.2016.05.062},
    issn = {0378-4371}
}

@article{Nagel1992ATraffic,
    title = {{A cellular automaton model for freeway traffic}},
    year = {1992},
    journal = {Journal de Physique I},
    author = {Nagel, Kai and Schreckenberg, Michael},
    number = {12},
    volume = {2},
    url = {https://hal.archives-ouvertes.fr/jpa-00246697},
    doi = {10.1051/jp1:1992277},
    issn = {2221-2229}
}

@article{Goerigk2014AAlgorithm,
    title = {{A comprehensive evacuation planning model and genetic solution algorithm}},
    year = {2014},
    journal = {Transportation Research Part E: Logistics and Transportation Review},
    author = {Goerigk, Marc and Deghdak, Kaouthar and He{\ss}ler, Philipp},
    month = {11},
    pages = {82--97},
    volume = {71},
    publisher = {Pergamon},
    url = {https://www.sciencedirect.com/science/article/pii/S1366554514001471},
    doi = {10.1016/J.TRE.2014.08.007},
    issn = {1366-5545}
}

@article{Thompson1995APopulations,
    title = {{A computer model for the evacuation of large building populations}},
    year = {1995},
    journal = {Fire Safety Journal},
    author = {Thompson, Peter A. and Marchant, Eric W.},
    number = {2},
    month = {1},
    pages = {131--148},
    volume = {24},
    publisher = {Elsevier},
    url = {https://www.sciencedirect.com/science/article/pii/037971129500019P},
    doi = {10.1016/0379-7112(95)00019-P},
    issn = {0379-7112}
}

@techreport{Lysenko2008AUnits,
    title = {{A Framework for Megascale Agent Based Model Simulations on Graphics Processing Units}},
    year = {2008},
    booktitle = {Journal of Artificial Societies and Social Simulation},
    author = {Lysenko, Mikola and Souza, Roshan M D'},
    number = {4},
    volume = {11},
    url = {http://jasss.soc.surrey.ac.uk/11/4/10/10.pdf},
    keywords = {Agent Based Modeling, Data Parallel Algorithms, GPGPU, Stochastic Simulations}
}

@article{Li2015AModeling,
    title = {{A household-level approach to staging wildfire evacuation warnings using trigger modeling}},
    year = {2015},
    journal = {Computers, Environment and Urban Systems},
    author = {Li, Dapeng and Cova, Thomas J. and Dennison, Philip E.},
    month = {11},
    pages = {56--67},
    volume = {54},
    publisher = {Pergamon},
    url = {https://www.sciencedirect.com/science/article/pii/S0198971515000629},
    doi = {10.1016/J.COMPENVURBSYS.2015.05.008},
    issn = {0198-9715}
}

@article{Fritzsche1994ASimulation,
    title = {{A Model for Traffic Simulation}},
    year = {1994},
    journal = {Traffic Engineering {\&} Control},
    author = {Fritzsche, H T},
    number = {5},
    volume = {35},
    publisher = {[Printerhall]},
    url = {https://trid.trb.org/view/408806}
}

@article{Pan2007AEvacuations,
    title = {{A multi-agent based framework for the simulation of human and social behaviors during emergency evacuations}},
    year = {2007},
    journal = {AI {\&} SOCIETY},
    author = {Pan, Xiaoshan and Han, Charles S. and Dauber, Ken and Law, Kincho H.},
    number = {2},
    month = {10},
    pages = {113--132},
    volume = {22},
    publisher = {Springer-Verlag},
    url = {http://link.springer.com/10.1007/s00146-007-0126-1},
    doi = {10.1007/s00146-007-0126-1},
    issn = {0951-5666}
}

@article{Cova2003ARouting,
    title = {{A network flow model for lane-based evacuation routing}},
    year = {2003},
    journal = {Transportation Research Part A: Policy and Practice},
    author = {Cova, Thomas J. and Johnson, Justin P.},
    number = {7},
    month = {8},
    pages = {579--604},
    volume = {37},
    publisher = {Pergamon},
    url = {https://www.sciencedirect.com/science/article/pii/S0965856403000077},
    doi = {10.1016/S0965-8564(03)00007-7},
    issn = {0965-8564}
}

@techreport{Christensen2008Agent-BasedPopulation,
    title = {{Agent-Based Emergency Evacuation Simulation with Individuals with Disabilities in the Population}},
    year = {2008},
    booktitle = {Journal of Artificial Societies and Social Simulation},
    author = {Christensen, Keith and Sasaki, Yuya},
    number = {3},
    volume = {11},
    url = {http://jasss.soc.surrey.ac.uk/11/3/9.html},
    keywords = {Agent-Based Simulation, Disability, Emergency Egress, Evacuation, Individual-Based Simulation, Reinforcement Learning}
}

@article{Chen2006Agent-BasedKeys,
    title = {{Agent-Based Modeling and Analysis of Hurricane Evacuation Procedures for the Florida Keys}},
    year = {2006},
    journal = {Natural Hazards},
    author = {Chen, Xuwei and Meaker, John W. and Zhan, F. Benjamin},
    number = {3},
    month = {7},
    pages = {321--338},
    volume = {38},
    publisher = {Kluwer Academic Publishers},
    url = {http://link.springer.com/10.1007/s11069-005-0263-0},
    doi = {10.1007/s11069-005-0263-0},
    issn = {0921-030X}
}

@techreport{Ren2009Agent-BasedEvacuation,
    title = {{Agent-Based Modeling and Simulation on Emergency Evacuation}},
    year = {2009},
    author = {Ren, Chuanjun and Yang, Chenghui and Jin, Shiyao},
    pages = {1451--1461},
    url = {https://pdfs.semanticscholar.org/2c04/2b940d218752e1f74e245bc64f518500b46c.pdf},
    keywords = {Agent-Based Modeling and Simulation, Escape Panic, Evacuation, Repast Simphony}
}

@inproceedings{Macal2007Agent-basedABMS,
    title = {{Agent-based modeling and simulation: Desktop ABMS}},
    year = {2007},
    booktitle = {2007 Winter Simulation Conference},
    author = {Macal, Charles M. and North, Michael J.},
    month = {12},
    pages = {95--106},
    publisher = {IEEE},
    url = {http://ieeexplore.ieee.org/document/4419592/},
    isbn = {978-1-4244-1305-8},
    doi = {10.1109/WSC.2007.4419592}
}

@book{Zhang2009Agent-basedEvacuation,
    title = {{Agent-based modeling for household level hurricane evacuation}},
    year = {2009},
    author = {Zhang, Bo and Ukkusuri, Satish V and Kin, Wai and Chan, Victor},
    url = {http://delivery.acm.org/10.1145/2000000/1995835/p2778-zhang.pdf?ip=147.188.254.175&id=1995835&acc=ACTIVE%20SERVICE&key=BF07A2EE685417C5%2E426E5CB647D49637%2E4D4702B0C3E38B35%2E4D4702B0C3E38B35&__acm__=1542572431_45d108a1b84e25f3fb684624dc36db84},
    isbn = {9781424457717}
}

@article{Bonabeau2002Agent-basedSystems.,
    title = {{Agent-based modeling: methods and techniques for simulating human systems.}},
    year = {2002},
    journal = {Proceedings of the National Academy of Sciences of the United States of America},
    author = {Bonabeau, Eric},
    number = {suppl 3},
    month = {5},
    pages = {7280--7},
    volume = {99 Suppl 3},
    publisher = {National Academy of Sciences},
    url = {http://www.ncbi.nlm.nih.gov/pubmed/12011407 http://www.pubmedcentral.nih.gov/articlerender.fcgi?artid=PMC128598},
    doi = {10.1073/pnas.082080899},
    issn = {0027-8424},
    pmid = {12011407}
}

@article{ChenAgent-basedStrategies,
    title = {{Agent-based modelling and simulation of urban evacuation: relative effectiveness of simultaneous and staged evacuation strategies}},
    author = {Chen, X and Zhan, F B},
    url = {http://www.tandfonline.com/action/journalInformation?journalCode=tjor20},
    doi = {10.1057/palgrave.jors.2602321}
}

@article{Chen2008Agent-basedStrategies,
    title = {{Agent-based modelling and simulation of urban evacuation: relative effectiveness of simultaneous and staged evacuation strategies}},
    year = {2008},
    journal = {Journal of the Operational Research Society},
    author = {Chen, X and Zhan, F B},
    number = {1},
    month = {1},
    pages = {25--33},
    volume = {59},
    publisher = {Taylor {\&} Francis},
    url = {https://www.tandfonline.com/doi/full/10.1057/palgrave.jors.2602321},
    doi = {10.1057/palgrave.jors.2602321},
    keywords = {agent-based modelling, evacuation, network, simulation, transportation}
}

@article{Joo2013Agent-basedEvacuation,
    title = {{Agent-based simulation of affordance-based human behaviors in emergency evacuation}},
    year = {2013},
    journal = {Simulation Modelling Practice and Theory},
    author = {Joo, Jaekoo and Kim, Namhun and Wysk, Richard A. and Rothrock, Ling and Son, Young-Jun and Oh, Yeong-gwang and Lee, Seungho},
    month = {3},
    pages = {99--115},
    volume = {32},
    publisher = {Elsevier},
    url = {https://www.sciencedirect.com/science/article/pii/S1569190X12001724},
    doi = {10.1016/J.SIMPAT.2012.12.007},
    issn = {1569-190X}
}

@article{MAS2012Agent-basedEvacuation,
    title = {{Agent-based Simulation of the 2011 Great East Japan Earthquake/Tsunami Evacuation: An Integrated Model of Tsunami Inundation and Evacuation}},
    year = {2012},
    journal = {Journal of Natural Disaster Science},
    author = {MAS, Erick and SUPPASRI, Anawat and IMAMURA, Fumihiko and KOSHIMURA, Shunichi},
    number = {1},
    pages = {41--57},
    volume = {34},
    publisher = {日本自然災害学会},
    url = {https://www.jstage.jst.go.jp/article/jnds/34/1/34_41/_article/-char/ja/},
    doi = {10.2328/jnds.34.41},
    issn = {0388-4090}
}

@inproceedings{Chan2010Agent-basedSimulation,
    title = {{Agent-based simulation tutorial - simulation of emergent behavior and differences between agent-based simulation and discrete-event simulation}},
    year = {2010},
    booktitle = {Proceedings of the 2010 Winter Simulation Conference},
    author = {Chan, Wai Kin Victor and Son, Young-Jun and Macal, Charles M.},
    month = {12},
    pages = {135--150},
    publisher = {IEEE},
    url = {http://ieeexplore.ieee.org/document/5679168/},
    isbn = {978-1-4244-9866-6},
    doi = {10.1109/WSC.2010.5679168}
}

@article{Theodoulou2004AlternativeEvacuation,
    title = {{Alternative Methods to Increase the Effectiveness of Freeway Contraflow Evacuation}},
    year = {2004},
    journal = {Transportation Research Record: Journal of the Transportation Research Board},
    author = {Theodoulou, Gregoris and Wolshon, Brian},
    number = {1},
    month = {1},
    pages = {48--56},
    volume = {1865},
    publisher = { Transportation Research Board of the National Academies },
    url = {http://journals.sagepub.com/doi/10.3141/1865-08},
    doi = {10.3141/1865-08},
    issn = {0361-1981}
}

@misc{Madireddy2011AnManagement,
    title = {{An agent based model for evacuation traffic management}},
    year = {2011},
    booktitle = {Proceedings of the Winter Simulation Conference},
    author = {Madireddy, Manini and Medeiros, D. J. and Kumara, Soundar},
    pages = {222--233},
    publisher = {Winter Simulation Conference},
    url = {https://dl.acm.org/citation.cfm?id=2431542}
}

@article{Dawson2011AnManagement,
    title = {{An agent-based model for risk-based flood incident management}},
    year = {2011},
    author = {Dawson, Richard J and Peppe, Roger and Wang, Miao},
    url = {http://www.staff.ncl.ac.uk/richard.dawson/},
    doi = {10.1007/s11069-011-9745-4},
    keywords = {Agent-based model, Disaster management, Evacuation, Flooding, Risk analysis}
}

@article{Wang2016AnSafety,
    title = {{An agent-based model of a multimodal near-field tsunami evacuation: Decision-making and life safety}},
    year = {2016},
    journal = {Transportation Research Part C: Emerging Technologies},
    author = {Wang, Haizhong and Mostafizi, Alireza and Cramer, Lori A. and Cox, Dan and Park, Hyoungsu},
    month = {3},
    pages = {86--100},
    volume = {64},
    publisher = {Pergamon},
    url = {https://www.sciencedirect.com/science/article/pii/S0968090X15004106},
    doi = {10.1016/J.TRC.2015.11.010},
    issn = {0968-090X}
}

@article{Wagner2014AnDisaster,
    title = {{An agent-based simulation system for concert venue crowd evacuation modeling in the presence of a fire disaster}},
    year = {2014},
    journal = {Expert Systems with Applications},
    author = {Wagner, Neal and Agrawal, Vikas},
    number = {6},
    month = {5},
    pages = {2807--2815},
    volume = {41},
    publisher = {Pergamon},
    url = {https://www.sciencedirect.com/science/article/pii/S0957417413008270},
    doi = {10.1016/J.ESWA.2013.10.013},
    issn = {0957-4174}
}

@article{Lee2010AnFramework,
    title = {{An Integrated Human Decision Making Model for Evacuation Scenarios under a BDI Framework}},
    year = {2010},
    journal = {ACM Transactions on Modeling and Computer Simulation},
    author = {Lee, Seungho and Son, Young-jun and Jin, Judy},
    number = {4},
    volume = {20},
    url = {http://doi.acm.org/10.1145/1842722.1842728},
    doi = {10.1145/1842722.1842728},
    keywords = {BDI, Bayesian belief network, Experimentation, Human Factors, K 41 [Computers and Society]: Public Policy Issues-Human safety; H 12 [Models and Principles]: User/Machine Systems-Human information processing General Terms: Algorithms, Management Additional Key Words and Phrases: Emergency evacuation, human decision behavior, planning}
}

@article{Shahabi2014CASPER:Routing,
    title = {{CASPER: Intelligent capacity-aware evacuation routing}},
    year = {2014},
    journal = {Computers, Environment and Urban Systems},
    author = {Shahabi, Kaveh and Wilson, John P.},
    month = {7},
    pages = {12--24},
    volume = {46},
    publisher = {Pergamon},
    url = {https://www.sciencedirect.com/science/article/pii/S0198971514000428},
    doi = {10.1016/J.COMPENVURBSYS.2014.03.004},
    issn = {0198-9715}
}

@article{Zheng2011ConflictModel,
    title = {{Conflict game in evacuation process: A study combining Cellular Automata model}},
    year = {2011},
    journal = {Physica A: Statistical Mechanics and its Applications},
    author = {Zheng, Xiaoping and Cheng, Yuan},
    number = {6},
    month = {3},
    pages = {1042--1050},
    volume = {390},
    publisher = {North-Holland},
    url = {https://www.sciencedirect.com/science/article/pii/S0378437110010186},
    doi = {10.1016/J.PHYSA.2010.12.007},
    issn = {0378-4371}
}

@article{SanghoKim2008ContraflowPlanning,
    title = {{Contraflow Transportation Network Reconfiguration for Evacuation Route Planning}},
    year = {2008},
    journal = {IEEE Transactions on Knowledge and Data Engineering},
    author = {{Sangho Kim} and Shekhar, S. and Min, M.},
    number = {8},
    month = {8},
    pages = {1115--1129},
    volume = {20},
    url = {http://ieeexplore.ieee.org/document/4384487/},
    doi = {10.1109/TKDE.2007.190722},
    issn = {1041-4347}
}

@article{Choa2004CORSIMYou,
    title = {{CORSIM, PARAMICS, and VISSIM: What the Manuals Never Told You}},
    year = {2004},
    author = {Choa, Fred and Milam, Ronald T and Stanek, David},
    month = {3},
    url = {https://trid.trb.org/view.aspx?id=781459}
}

@article{Heliovaara2012CounterflowDynamics,
    title = {{Counterflow model for agent-based simulation of crowd dynamics}},
    year = {2012},
    journal = {Building and Environment},
    author = {Heli{\"{o}}vaara, Simo and Korhonen, Timo and Hostikka, Simo and Ehtamo, Harri},
    month = {2},
    pages = {89--100},
    volume = {48},
    publisher = {Pergamon},
    url = {https://www.sciencedirect.com/science/article/pii/S0360132311002630},
    doi = {10.1016/J.BUILDENV.2011.08.020},
    issn = {0360-1323}
}

@inproceedings{Shendarkar2006CrowdReality,
    title = {{Crowd Simulation for Emergency Response using BDI Agent Based on Virtual Reality}},
    year = {2006},
    booktitle = {Proceedings of the 2006 Winter Simulation Conference},
    author = {Shendarkar, Ameya and Vasudevan, Karthik and Lee, Seungho and Son, Young-jun},
    month = {12},
    pages = {545--553},
    publisher = {IEEE},
    url = {http://ieeexplore.ieee.org/document/4117652/},
    isbn = {1-4244-0501-7},
    doi = {10.1109/WSC.2006.323128}
}

@article{Zarboutis2007DesignSimulation,
    title = {{Design of formative evacuation plans using agent-based simulation}},
    year = {2007},
    journal = {Safety Science},
    author = {Zarboutis, Nikos and Marmaras, Nicolas},
    number = {9},
    month = {11},
    pages = {920--940},
    volume = {45},
    publisher = {Elsevier},
    url = {https://www.sciencedirect.com/science/article/pii/S0925753506001147},
    doi = {10.1016/J.SSCI.2006.08.029},
    issn = {0925-7535}
}

@article{Dow2002EmergingCarolina,
    title = {{Emerging Hurricane Evacuation Issues: Hurricane Floyd and South Carolina}},
    year = {2002},
    author = {Dow, Kirstin and Cutter, Susan L},
    url = {http://citeseerx.ist.psu.edu/viewdoc/download?doi=10.1.1.466.2765&rep=rep1&type=pdf},
    doi = {10.1061/ASCE1527-698820023:112},
    keywords = {CE Database keywords: Hurricanes, Emergency Services, Evacuation, South Carolina}
}

@article{Turner2002EncodingEnvironment,
    title = {{Encoding Natural Movement as an Agent-Based System: An Investigation into Human Pedestrian Behaviour in the Built Environment}},
    year = {2002},
    journal = {Environment and Planning B: Planning and Design},
    author = {Turner, Alasdair and Penn, Alan},
    number = {4},
    month = {8},
    pages = {473--490},
    volume = {29},
    publisher = {SAGE PublicationsSage UK: London, England},
    url = {http://journals.sagepub.com/doi/10.1068/b12850},
    doi = {10.1068/b12850},
    issn = {0265-8135}
}

@article{Pelechano2008EvacuationApproaches,
    title = {{Evacuation simulation models: Challenges in modeling high rise building evacuation with cellular automata approaches}},
    year = {2008},
    journal = {Automation in Construction},
    author = {Pelechano, Nuria and Malkawi, Ali},
    number = {4},
    month = {5},
    pages = {377--385},
    volume = {17},
    publisher = {Elsevier},
    url = {https://www.sciencedirect.com/science/article/pii/S0926580507000908},
    doi = {10.1016/J.AUTCON.2007.06.005},
    issn = {0926-5805}
}

@article{Murray-Tuite2013EvacuationPractice,
    title = {{Evacuation transportation modeling: An overview of research, development, and practice}},
    year = {2013},
    journal = {Transportation Research Part C: Emerging Technologies},
    author = {Murray-Tuite, Pamela and Wolshon, Brian},
    month = {2},
    pages = {25--45},
    volume = {27},
    publisher = {Pergamon},
    url = {https://www.sciencedirect.com/science/article/pii/S0968090X12001386},
    doi = {10.1016/J.TRC.2012.11.005},
    issn = {0968-090X}
}

@article{Chang2014Greedy-search-basedScheduling,
    title = {{Greedy-search-based multi-objective genetic algorithm for emergency logistics scheduling}},
    year = {2014},
    journal = {Expert Systems with Applications},
    author = {Chang, Fu-Sheng and Wu, Jain-Shing and Lee, Chung-Nan and Shen, Hung-Che},
    number = {6},
    month = {5},
    pages = {2947--2956},
    volume = {41},
    publisher = {Pergamon},
    url = {https://www.sciencedirect.com/science/article/pii/S0957417413008439},
    doi = {10.1016/J.ESWA.2013.10.026},
    issn = {0957-4174}
}

@article{Fang2011HierarchicalApproach,
    title = {{Hierarchical multi-objective evacuation routing in stadium using ant colony optimization approach}},
    year = {2011},
    journal = {Journal of Transport Geography},
    author = {Fang, Zhixiang and Zong, Xinlu and Li, Qingquan and Li, Qiuping and Xiong, Shengwu},
    number = {3},
    month = {5},
    pages = {443--451},
    volume = {19},
    publisher = {Pergamon},
    url = {https://www.sciencedirect.com/science/article/pii/S0966692310001596},
    doi = {10.1016/J.JTRANGEO.2010.10.001},
    issn = {0966-6923}
}

@techreport{SandiaNationalLaboratories2005IdentificationEvacuations,
    title = {{Identification and Analysis of Factors Affecting Emergency Evacuations}},
    year = {2005},
    author = {{Sandia National Laboratories}}
}

@article{Keon2014InternationalResponse,
    title = {{International Journal of Geographical Information Science Web-based spatiotemporal simulation modeling and visualization of tsunami inundation and potential human response-based spatiotemporal simulation modeling and visualization of tsunami inundation and potential human response Web-based spatiotemporal simulation modeling and visualization of tsunami inundation and potential human response}},
    year = {2014},
    journal = {International Journal of Geographical Information Science},
    author = {Keon, Dylan and Steinberg, Ben and Yeh, Harry and Pancake, Cherri M and Wright, Dawn},
    number = {5},
    pages = {987--1009},
    volume = {28},
    url = {http://www.tandfonline.com/action/journalInformation?journalCode=tgis20},
    doi = {10.1080/13658816.2013.875548},
    issn = {1362-3087},
    keywords = {geocomputation, geovisualization, simulation, spatiotemporal data modeling, web GIS}
}

@article{Cova1997ModellingGIS,
    title = {{Modelling community evacuation vulnerability using GIS}},
    year = {1997},
    journal = {International Journal of Geographical Information Science},
    author = {Cova, Thomas J and Church, Richard L},
    number = {8},
    pages = {763--784},
    volume = {11},
    url = {http://www.tandfonline.com/action/journalInformation?journalCode=tgis20},
    doi = {10.1080/136588197242077},
    issn = {1362-3087}
}

@techreport{UlrichModellingEvacuation,
    title = {{Modelling dynamic route choice of pedestrians to assess the criticality of building evacuation}},
    author = {Ulrich, Armel and Wagoum, Kemloh and Seyfried, Armin and Holl, Stefan},
    url = {https://arxiv.org/pdf/1103.4080.pdf},
    arxivId = {1103.4080v1},
    keywords = {critical states, evacuation, jam, pedestrian dynamics, quickest path, routing}
}

@article{Ma2013Multi-objectiveEnvironment,
    title = {{Multi-objective fuzzy optimisation method for emergency evacuation based on hybrid intelligence algorithm under fuzzy environment}},
    year = {2013},
    journal = {International Journal of Computer Applications in Technology},
    author = {Ma, Changxi and Li, Yinzhen and He, Ruichun and Wu, Fang and Sun, Li and Qi, Bo},
    doi = {10.1504/IJCAT.2013.052799},
    issn = {0952-8091}
}

@inproceedings{Li2010MultiobjectiveAlgorithm,
    title = {{Multiobjective evacuation route assignment model based on genetic algorithm}},
    year = {2010},
    booktitle = {2010 18th International Conference on Geoinformatics},
    author = {Li, Qiuping and Fang, Zhixiang and Li, Qingquan and Zong, Xinlu},
    month = {6},
    pages = {1--5},
    publisher = {IEEE},
    url = {http://ieeexplore.ieee.org/document/5567485/},
    isbn = {978-1-4244-7301-4},
    doi = {10.1109/GEOINFORMATICS.2010.5567485}
}

@article{Bish2014OptimalRouting,
    title = {{Optimal evacuation planning using staging and routing}},
    year = {2014},
    journal = {Journal of the Operational Research Society},
    author = {Bish, D R and Sherali, H D and Hobeika, A G and Bish, DR and Sherali, HD and Hobeika, Ag},
    number = {1},
    pages = {124--140},
    volume = {65},
    url = {http://www.tandfonline.com/action/journalInformation?journalCode=tjor20},
    doi = {10.1057/jors.2013.3},
    keywords = {disaster management, evacuation planning, mixed-integer programming, routing, staging}
}

@article{Pourrahmani2015OptimizationAlgorithm,
    title = {{Optimization of an evacuation plan with uncertain demands using fuzzy credibility theory and genetic algorithm}},
    year = {2015},
    journal = {International Journal of Disaster Risk Reduction},
    author = {Pourrahmani, Elham and Delavar, Mahmoud Reza and Mostafavi, Mir Abolfazl},
    month = {12},
    pages = {357--372},
    volume = {14},
    publisher = {Elsevier},
    url = {https://www.sciencedirect.com/science/article/pii/S2212420915300613},
    doi = {10.1016/J.IJDRR.2015.09.002},
    issn = {2212-4209}
}

@inproceedings{Durak2015OptimizingAlgorithms,
    title = {{Optimizing an agent-based traffic evacuation model using genetic algorithms}},
    year = {2015},
    booktitle = {2015 Winter Simulation Conference (WSC)},
    author = {Durak, Matthew and Durak, Nicholas and Goodman, Erik D. and Till, Robert},
    month = {12},
    pages = {288--299},
    publisher = {IEEE},
    url = {http://ieeexplore.ieee.org/document/7408172/},
    isbn = {978-1-4673-9743-8},
    doi = {10.1109/WSC.2015.7408172}
}

@article{Johansson2007PedestrianProject,
    title = {{Pedestrian flow optimization with a genetic algorithm based on Boolean grids Computational analysis of social effects in energy trading in rural India View project}},
    year = {2007},
    author = {Johansson, Anders},
    url = {https://www.researchgate.net/publication/226846230},
    doi = {10.1007/978-3-540-47064-9{\_}23}
}

@article{Shahparvari2017PossibilisticStudy,
    title = {{Possibilistic scheduling routing for short-notice bushfire emergency evacuation under uncertainties: An Australian case study}},
    year = {2017},
    journal = {Omega},
    author = {Shahparvari, Shahrooz and Abbasi, Babak and Chhetri, Prem},
    month = {10},
    pages = {96--117},
    volume = {72},
    publisher = {Pergamon},
    url = {https://www.sciencedirect.com/science/article/pii/S0305048316309136},
    doi = {10.1016/J.OMEGA.2016.11.007},
    issn = {0305-0483}
}

@article{Guo2012RouteResults,
    title = {{Route choice in pedestrian evacuation under conditions of good and zero visibility: Experimental and simulation results}},
    year = {2012},
    journal = {Transportation Research Part B: Methodological},
    author = {Guo, Ren-Yong and Huang, Hai-Jun and Wong, S.C.},
    number = {6},
    month = {7},
    pages = {669--686},
    volume = {46},
    publisher = {Pergamon},
    url = {https://www.sciencedirect.com/science/article/pii/S0191261512000033},
    doi = {10.1016/J.TRB.2012.01.002},
    issn = {0191-2615}
}

@article{SaeedOsman2017RoutingApproach,
    title = {{Routing and scheduling on evacuation path networks using centralized hybrid approach}},
    year = {2017},
    journal = {Computers and Operations Research},
    author = {Saeed Osman, Mojahid and Ram, Bala},
    isbn = {0305-0548},
    doi = {10.1016/j.cor.2017.06.022},
    issn = {03050548},
    keywords = {Evacuation, Network flows, Routing, Scheduling}
}

@article{Wolshon2015ScienceDirectNetworks,
    title = {{ScienceDirect The 4th International Workshop on Agent-based Mobility, Traffic and Transportation Models, Methodologies and Applications (ABMTRANS) Agent-Based Modeling for Evacuation Traffic Analysis in Megaregion Road Networks}},
    year = {2015},
    journal = {Procedia - Procedia Computer Science},
    author = {Wolshon, Brian and Zhang, Zhao and Parr, Scott and Mitchell, Brant and Pardue, John},
    pages = {908--913},
    volume = {52},
    url = {www.sciencedirect.com},
    doi = {10.1016/j.procs.2015.05.164},
    keywords = {agent based modeling, big data, evacuation, traffic simulation}
}

@article{Song2016Selfishness-Evacuation,
    title = {{Selfishness- and Selflessness-based models of pedestrian room evacuation}},
    year = {2016},
    journal = {Physica A: Statistical Mechanics and its Applications},
    author = {Song, Xiao and Ma, Liang and Ma, Yaofei and Yang, Chen and Ji, Hang},
    month = {4},
    pages = {455--466},
    volume = {447},
    publisher = {North-Holland},
    url = {https://www.sciencedirect.com/science/article/pii/S0378437115010699},
    doi = {10.1016/J.PHYSA.2015.12.041},
    issn = {0378-4371}
}

@techreport{KongsomsaksakulSHELTERPLANNING,
    title = {{SHELTER LOCATION-ALLOCATION MODEL FOR FLOOD EVACUATION PLANNING}},
    author = {Kongsomsaksakul, Sirisak and Student, Graduate and Yang, Chao and Chen, Anthony},
    url = {https://www.jstage.jst.go.jp/article/easts/6/0/6_0_4237/_pdf},
    keywords = {bi-level programming, combined distribution and assignment model, evacuation plan, genetic algorithm, location-allocation model}
}

@article{Helbing2000SimulatingPanic,
    title = {{Simulating Dynamical Features of Escape Panic}},
    year = {2000},
    author = {Helbing, Dirk and Farkas, Illes and Vicsek, Tamas},
    month = {9},
    url = {http://arxiv.org/abs/cond-mat/0009448 http://dx.doi.org/10.1038/35035023},
    doi = {10.1038/35035023},
    arxivId = {cond-mat/0009448}
}

@techreport{Pitt2008TheFloods,
    title = {{The Pitt review: lessons learned from the 2007 floods}},
    year = {2008},
    author = {Pitt, Michael},
    url = {https://webarchive.nationalarchives.gov.uk/20100812084907/http://archive.cabinetoffice.gov.uk/pittreview/_/media/assets/www.cabinetoffice.gov.uk/flooding_review/pitt_review_full%20pdf.pdf}
}

@article{Lammel2010TheSimulations,
    title = {{The representation and implementation of time-dependent inundation in large-scale microscopic evacuation simulations}},
    year = {2010},
    journal = {Transportation Research Part C: Emerging Technologies},
    author = {L{\"{a}}mmel, Gregor and Grether, Dominik and Nagel, Kai},
    number = {1},
    month = {2},
    pages = {84--98},
    volume = {18},
    publisher = {Pergamon},
    url = {https://www.sciencedirect.com/science/article/pii/S0968090X09000552},
    doi = {10.1016/J.TRC.2009.04.020},
    issn = {0968-090X}
}

@article{Teodorovic2003TransportApproach,
    title = {{Transport modeling by multi-agent systems: a swarm intelligence approach}},
    year = {2003},
    journal = {Transportation Planning and Technology},
    author = {Teodorovic, Dusˇan},
    number = {4},
    month = {8},
    pages = {289--312},
    volume = {26},
    publisher = {Taylor {\&} Francis Ltd},
    url = {http://www.tandfonline.com/doi/abs/10.1080/0308106032000154593},
    doi = {10.1080/0308106032000154593},
    keywords = {Multi-agent systems, Swarm intelligence, Transport modeling}
}

@article{Komathy2008Trust-basedSelfishness,
    title = {{Trust-based evolutionary game model assisting AODV routing against selfishness}},
    year = {2008},
    journal = {Journal of Network and Computer Applications},
    author = {Komathy, K. and Narayanasamy, P.},
    number = {4},
    month = {11},
    pages = {446--471},
    volume = {31},
    publisher = {Academic Press},
    url = {https://www.sciencedirect.com/science/article/pii/S1084804508000039},
    doi = {10.1016/J.JNCA.2008.02.002},
    issn = {1084-8045}
}

@inproceedings{Macal2005TutorialSimulation,
    title = {{Tutorial on agent-based modeling and simulation}},
    year = {2005},
    booktitle = {Proceedings of the Winter Simulation Conference, 2005.},
    author = {Macal, C.M. and North, M.J.},
    pages = {2--15},
    publisher = {IEEE},
    url = {http://ieeexplore.ieee.org/document/1574234/},
    isbn = {0-7803-9519-0},
    doi = {10.1109/WSC.2005.1574234}
}

@inproceedings{Macal2006TutorialAgents,
    title = {{Tutorial on agent-based modeling and simulation part 2: How to model with agents}},
    year = {2006},
    booktitle = {Proceedings - Winter Simulation Conference},
    author = {Macal, Charles M. and North, Michael J.},
    isbn = {1424405017},
    doi = {10.1109/WSC.2006.323040},
    issn = {08917736},
    pmid = {25246403},
    arxivId = {Macal, C. M., {\&} North, M. J. (2006). Proceedings of the 2006 Winter Simulation Conference L. F. Perrone, F. P. Wieland, J. Liu, B. G. Lawson, D. M. Nicol, and R. M. Fujimoto, eds., 73–83.}
}

@techreport{Nagel1998Two-laneApproach,
    title = {{Two-lane traffic rules for cellular automata: A systematic approach}},
    year = {1998},
    author = {Nagel, Kai and Wolf, Dietrich E and Wagner, Peter and Simon, Patrice},
    url = {https://pdfs.semanticscholar.org/c6eb/b04d745a201d73b707b4f8c6cd7c1ff8ab88.pdf},
    keywords = {0270c, 8950r, 8980h, numbers: 8940k}
}

@article{Wolshon2001One-Way-Out:Evacuation,
    title = {{“One-Way-Out”: Contraflow Freeway Operation for Hurricane Evacuation}},
    year = {2001},
    journal = {Natural Hazards Review},
    author = {Wolshon, Brian},
    number = {3},
    month = {8},
    pages = {105--112},
    volume = {2},
    url = {http://ascelibrary.org/doi/10.1061/%28ASCE%291527-6988%282001%292%3A3%28105%29},
    doi = {10.1061/(ASCE)1527-6988(2001)2:3(105)},
    issn = {1527-6988}
}